@article{Rusu2008,
  doi = {10.1016/j.robot.2008.08.005},
  year = 2008,
  publisher = {Elsevier {BV}},
  volume = {56},
  number = {11},
  pages = {927--941},
  author = {Radu Bogdan Rusu and Zoltan Csaba Marton and Nico Blodow and Mihai Dolha and Michael Beetz},
  title = {Towards 3D Point cloud based object maps for household environments},
  journal = {Robotics and Autonomous Systems}
}

@article{Zhang2003,
  doi = {10.1109/tgrs.2003.810682},
  year = 2003,
  publisher = {Institute of Electrical and Electronics Engineers ({IEEE})},
  volume = {41},
  number = {4},
  pages = {872--882},
  author = {Keqi Zhang and  Shu-Ching Chen and D. Whitman and  Mei-Ling Shyu and  Jianhua Yan and  Chengcui Zhang},
  title = {A progressive morphological filter for removing nonground measurements from airborne {LIDAR} data},
  journal = {{IEEE} Transactions on Geoscience and Remote Sensing}
}

@article{Ehbrecht2016,
  doi = {10.1016/j.foreco.2016.09.003},
  year = 2016,
  publisher = {Elsevier {BV}},
  volume = {380},
  pages = {212--223},
  author = {Martin Ehbrecht and Peter Schall and Julia Juchheim and Christian Ammer and Dominik Seidel},
  title = {Effective number of layers: A new measure for quantifying three-dimensional stand structure based on sampling with terrestrial {LiDAR}},
  journal = {Forest Ecology and Management}
}
