@article{Ahlstrom2015,
  doi = {10.1126/science.aaa1668},
  year = 2015,
  publisher = {American Association for the Advancement of Science ({AAAS})},
  volume = {348},
  number = {6237},
  pages = {895--899},
  author = {A. Ahlstrom and M. R. Raupach and G. Schurgers and B. Smith and A. Arneth and M. Jung and M. Reichstein and J. G. Canadell and P. Friedlingstein and A. K. Jain and E. Kato and B. Poulter and S. Sitch and B. D. Stocker and N. Viovy and Y. P. Wang and A. Wiltshire and S. Zaehle and N. Zeng},
  title = {The dominant role of semi-arid ecosystems in the trend and variability of the land {CO}2 sink},
  journal = {Science}
}

@article{Sitch2015,
  doi = {10.5194/bg-12-653-2015},
  year = 2015,
  publisher = {Copernicus {GmbH}},
  volume = {12},
  number = {3},
  pages = {653--679},
  author = {S. Sitch and P. Friedlingstein and N. Gruber and S. D. Jones and G. Murray-Tortarolo and A. Ahlström and S. C. Doney and H. Graven and C. Heinze and C. Huntingford and S. Levis and P. E. Levy and M. Lomas and B. Poulter and N. Viovy and S. Zaehle and N. Zeng and A. Arneth and G. Bonan and L. Bopp and J. G. Canadell and F. Chevallier and P. Ciais and R. Ellis and M. Gloor and P. Peylin and S. L. Piao and C. Le Qu{\'{e}}r{\'{e}} and B. Smith and Z. Zhu and R. Myneni},
  title = {Recent trends and drivers of regional sources and sinks of carbon dioxide},
  journal = {Biogeosciences}
}

@article{Quere2018,
  doi = {10.5194/essd-10-2141-2018},
  year = 2018,
  publisher = {Copernicus {GmbH}},
  volume = {10},
  number = {4},
  pages = {2141--2194},
  author = {Corinne Le Qu{\'{e}}r{\'{e}} and Robbie M. Andrew and Pierre Friedlingstein and Stephen Sitch and Judith Hauck and Julia Pongratz and Penelope A. Pickers and Jan Ivar Korsbakken and Glen P. Peters and Josep G. Canadell and Almut Arneth and Vivek K. Arora and Leticia Barbero and Ana Bastos and Laurent Bopp and Fr{\'{e}}d{\'{e}}ric Chevallier and Louise P. Chini and Philippe Ciais and Scott C. Doney and Thanos Gkritzalis and Daniel S. Goll and Ian Harris and Vanessa Haverd and Forrest M. Hoffman and Mario Hoppema and Richard A. Houghton and George Hurtt and Tatiana Ilyina and Atul K. Jain and Truls Johannessen and Chris D. Jones and Etsushi Kato and Ralph F. Keeling and Kees Klein Goldewijk and Peter Landschützer and Nathalie Lef{\`{e}}vre and Sebastian Lienert and Zhu Liu and Danica Lombardozzi and Nicolas Metzl and David R. Munro and Julia E. M. S. Nabel and Shin-ichiro Nakaoka and Craig Neill and Are Olsen and Tsueno Ono and Prabir Patra and Anna Peregon and Wouter Peters and Philippe Peylin and Benjamin Pfeil and Denis Pierrot and Benjamin Poulter and Gregor Rehder and Laure Resplandy and Eddy Robertson and Matthias Rocher and Christian Rödenbeck and Ute Schuster and Jörg Schwinger and Roland S{\'{e}}f{\'{e}}rian and Ingunn Skjelvan and Tobias Steinhoff and Adrienne Sutton and Pieter P. Tans and Hanqin Tian and Bronte Tilbrook and Francesco N. Tubiello and Ingrid T. van der Laan-Luijkx and Guido R. van der Werf and Nicolas Viovy and Anthony P. Walker and Andrew J. Wiltshire and Rebecca Wright and Sönke Zaehle and Bo Zheng},
  title = {Global Carbon Budget 2018},
  journal = {Earth System Science Data}
}

@book{Horn1971,
  author = {Horn, H. S.},
  title = {The adaptive geometry of trees},
  year = 1971,
  publisher = {Princeton University Press},
  address = {Princeton NJ, USA},
  isbn = {0691080895}
}

@article{Pretzsch2014,
  author = {Pretzsch, H.},
  title = {Canopy space filling and tree crown morphology in mixed-species stands compared with monocultures},
  year = 2014,
  journal = {Forest Ecology and Management},
  volume = {327},
  number = {},
  pages = {251--264},
  DOI = { http://dx.doi.org/10.1016/j.foreco.2014.04.027 }
}

@article{Barry2019,
  doi = {10.1016/j.tree.2018.10.013},
  year = 2019,
  publisher = {Elsevier {BV}},
  volume = {34},
  number = {2},
  pages = {167--180},
  author = {Kathryn E. Barry and Liesje Mommer and Jasper van Ruijven and Christian Wirth and Alexandra J. Wright and Yongfei Bai and John Connolly and Gerlinde B. De Deyn and Hans de Kroon and Forest Isbell and Alexandru Milcu and Christiane Roscher and Michael Scherer-Lorenzen and Bernhard Schmid and Alexandra Weigelt},
  title = {The Future of Complementarity: Disentangling Causes from Consequences},
  journal = {Trends in Ecology {\&} Evolution}
}

@article{Watt1947,
  doi = {10.2307/2256497},
  year = 1947,
  publisher = {{JSTOR}},
  volume = {35},
  number = {1/2},
  pages = {1},
  author = {Alex S. Watt},
  title = {Pattern and Process in the Plant Community},
  journal = {The Journal of Ecology}
}

@article{Maarel1996,
  doi = {10.2307/3236412},
  year = 1996,
  publisher = {Wiley},
  volume = {7},
  number = {1},
  pages = {19--28},
  author = {Eddy van der Maarel},
  title = {Pattern and process in the plant community: Fifty years after A.S. Watt},
  journal = {Journal of Vegetation Science}
}

@article{Whittaker1969,
  doi = {10.2307/2258214},
  year = 1969,
  publisher = {{JSTOR}},
  volume = {57},
  number = {1},
  pages = {155},
  author = {R. H. Whittaker and G. M. Woodwell},
  title = {Structure, Production and Diversity of the Oak-Pine Forest at Brookhaven, New York},
  journal = {The Journal of Ecology}
}

@article{Seidel2012,
  doi = {10.1016/j.agrformet.2011.10.006},
  year = 2012,
  publisher = {Elsevier {BV}},
  volume = {154-155},
  pages = {1--8},
  author = {Dominik Seidel and Stefan Fleck and Christoph Leuschner},
  title = {Analyzing forest canopies with ground-based laser scanning: A comparison with hemispherical photography},
  journal = {Agricultural and Forest Meteorology}
}

@article{Cifuentes2014,
  doi = {10.1016/j.agrformet.2014.04.013},
  year = 2014,
  publisher = {Elsevier {BV}},
  volume = {194},
  pages = {230--240},
  author = {Renato Cifuentes and Dimitry Van der Zande and Jamshid Farifteh and Christian Salas and Pol Coppin},
  title = {Effects of voxel size and sampling setup on the estimation of forest canopy gap fraction from terrestrial laser scanning data},
  journal = {Agricultural and Forest Meteorology}
}
